
@book{schafer2015,
  address = {Frankfurt, M. New York, NY},
  series = {{Schriften aus dem Max-Planck-Institut f\"ur Gesellschaftsforschung K\"oln}},
  title = {{Der Verlust politischer Gleichheit: warum die sinkende Wahlbeteiligung der Demokratie schadet}},
  isbn = {978-3-593-50198-7},
  shorttitle = {{Der Verlust politischer Gleichheit}},
  language = {ger},
  number = {Bd. 81},
  publisher = {{Campus-Verl}},
  author = {Sch\"afer, Armin},
  year = {2015},
  keywords = {Deutschland,(Produktform)Paperback / softback,Hochschulschrift,(VLB-WN)1734: Hardcover; Softcover / Politikwissenschaft/Politisches System,201501: Programm,5390: Politik E-Book,BRD,Bürgerbeteiligung,Bürgerschaft,Bürgertum,Engagement,Partizipation,Politik,Politische Beteiligung,Politisches Engagement,Rückgang,Soziale Ungleichheit,Wahl,Wahlbeteiligung,Wahlforschung,Wahlverhalten},
  file = {/home/bunke/Zotero/storage/BLIERZSK/Schäfer - 2015 - Der Verlust politischer Gleichheit warum die sink.pdf;/home/bunke/Zotero/storage/EGHMA29M/dokserv.html}
}

@book{decker2013,
  address = {Bonn},
  title = {{Demokratie ohne W\"ahler? neue Herausforderungen der politischen Partizipation}},
  isbn = {978-3-8012-0439-6},
  shorttitle = {{Demokratie ohne W\"ahler?}},
  language = {ger},
  publisher = {{Dietz}},
  author = {Decker, Frank and Lewandowsky, Marcel and Solar, Marcel},
  year = {2013},
  keywords = {Deutschland,Nordrhein-Westfalen,(Produktform)Paperback / softback,Bürgerbeteiligung,Politische Beteiligung,Wahlbeteiligung,(VLB-WN)1972: Hardcover; Softcover / Sachbücher/Politik; Gesellschaft; Wirtschaft/Politik,Beteiligungsverfahren,Demokratie,politische Partizipation},
  file = {/home/bunke/Zotero/storage/3UHC6AUF/Decker et al. - 2013 - Demokratie ohne Wähler neue Herausforderungen der.pdf;/home/bunke/Zotero/storage/HUAWTNZ3/dokserv.html}
}

@book{gullner2013,
  address = {Berlin},
  title = {{Nichtw\"ahler in Deutschland: eine Studie}},
  isbn = {978-3-86498-530-0},
  shorttitle = {{Nichtw\"ahler in Deutschland}},
  language = {ger},
  publisher = {{Friedrich-Ebert-Stiftung, Forum Berlin}},
  author = {G\"ullner, Manfred},
  year = {2013},
  file = {/home/bunke/Zotero/storage/X53MJG68/Güllner - 2013 - Nichtwähler in Deutschland eine Studie.pdf;/home/bunke/Zotero/storage/YUZWQPXM/10076.pdf}
}

@book{sander2014,
  address = {Schwalbach/Ts},
  edition = {4., v\"ollig \"uberarb. Aufl},
  series = {{Reihe Politik und Bildung}},
  title = {{Handbuch politische Bildung}},
  isbn = {978-3-89974-969-4},
  language = {ger},
  number = {Bd. 69},
  publisher = {{Wochenschau-Verl}},
  editor = {Sander, Wolfgang and Asbrand, Barbara},
  year = {2014},
  keywords = {Schule,Politische Bildung,(Produktform)Hardback,(VLB-WN)1730: Hardcover; Softcover / Politikwissenschaft,Außerschulische Bildung,Europa,Kompetenzen,Methoden,Politikdidaktik,Politikunterricht,Politikwissenschaft},
  file = {/home/bunke/Zotero/storage/2XUB3GK9/Sander und Asbrand - 2014 - Handbuch politische Bildung.pdf;/home/bunke/Zotero/storage/VWECE47B/dokserv.html}
}

@misc{dersenatorfurbildungundwissenschaft2006,
  title = {Welt-{{Umweltkunde}}, {{Geschichte}}, {{Geografie}}, {{Politik}}. {{Bildungsplan}} F\"ur Das {{Gymnasium Jahrgangsstufe}} 5 - 10},
  editor = {{Der Senator f\"ur Bildung und Wissenschaft}},
  year = {2006},
  file = {/home/bunke/Zotero/storage/RPVMR35R/Der Senator für Bildung und Wissenschaft - 2006 - Welt-Umweltkunde, Geschichte, Geografie, Politik. .pdf}
}

@book{vehrkamp2015,
  address = {G\"utersloh},
  title = {Prek\"are {{Wahlen}} - {{Bremen}}: {{Milieus}} Und Soziale {{Selektivit\"at}} Der {{Wahlbeteiligung}} Bei Der {{Bremischen B\"urgerschaftswahl}} 2015},
  shorttitle = {Prek\"are {{Wahlen}} - {{Bremen}}},
  publisher = {{Bertelsmann Stiftung}},
  author = {Vehrkamp, Robert B. and Tillmann, Christina},
  year = {2015},
  file = {/home/bunke/Zotero/storage/IIEX29BK/Vehrkamp und Tillmann - 2015 - Prekäre Wahlen - Bremen Milieus und soziale Selek.pdf;/home/bunke/Zotero/storage/SJL3JT2E/PPNSET.html}
}

@article{pausch2015,
  address = {Hamburg},
  chapter = {Politik},
  title = {{Wahlbeteiligung: Arm, aber nicht unpolitisch}},
  issn = {0044-2070},
  shorttitle = {{Wahlbeteiligung}},
  abstract = {Die Wahlbeteiligung nimmt in Deutschland kontinuierlich ab. Das ist erschreckend. Doch Studien zeigen auch: Manches Klischee \"uber die Nichtw\"ahler ist falsch.},
  language = {de-DE},
  journal = {Die Zeit},
  author = {Pausch, Robert},
  month = may,
  year = {2015},
  keywords = {Demokratie,Klischee,Portugal},
  file = {/home/bunke/Zotero/storage/M58ACPVF/komplettansicht.html}
}

@misc{kippenberg-gymnasium2009,
  title = {Schulinternes {{Curriculum Politik}} ({{Schwerpunkt}} \"Okonomische {{Grundbildung}}), {{Sek II}}},
  author = {{Kippenberg-Gymnasium}},
  month = mar,
  year = {2009},
  file = {/home/bunke/Zotero/storage/ICVJGAS9/Kippenberg-Gymnasium - 2009 - Schulinternes Curriculum Politik (Schwerpunkt ökon.pdf},
  note = {unver\"offentlicht}
}

@book{statistischeslandesamtbremen2015,
  series = {{Statistische Mitteilungen}},
  title = {{B\"urgerschaftswahl (Landtag) am 10. Mai 2015 im Land Bremen}},
  volume = {119},
  language = {ger},
  publisher = {{Statistisches Landesamt}},
  collaborator = {Statistisches Landesamt Bremen},
  year = {2015},
  keywords = {Statistik,Zeitschrift},
  file = {/home/bunke/Zotero/storage/PGSXISNZ/Statistisches Landesamt Bremen - 2015 - Bürgerschaftswahl (Landtag) am 10. Mai 2015 im Lan.pdf}
}

@incollection{wayand2015,
  address = {Bremen},
  series = {Statistische {{Mitteilungen}}},
  title = {Die {{Wahl}} Zur {{Bremischen B\"urgerschaft}} ({{Landtag}}) Am 10. {{Mai}} 2015. {{Zusammenfassung}} Der Wichtigsten {{Ergebnisse}}},
  number = {119},
  booktitle = {B\"urgerschaftswahl ({{Landtag}}) Am 10. {{Mai}} 2015 Im {{Land Bremen}}},
  author = {Wayand, J\"urgen},
  year = {2015}
}

@article{decker2016,
  title = {Sinkende {{Wahlbeteiligung}}: {{Interpretationen}} Und M\"ogliche {{Gegenma\ss{}nahmen}}},
  number = {40-42},
  journal = {Aus Politik und Zeitgeschichte},
  author = {Decker, Frank},
  year = {2016},
  pages = {30-35}
}

@book{schafer2013,
  address = {G\"utersloh},
  title = {{Prek\"are Wahlen: Milieus und soziale Selektivit\"at der Wahlbeteiligung bei der Bundestagswahl 2013}},
  shorttitle = {{Prek\"are Wahlen}},
  language = {ger},
  publisher = {{Bertelsmann Stiftung}},
  author = {Sch\"afer, Armin and Vehrkamp, Robert B. and Gagn\'e, J\'er\'emie Felix},
  year = {2013},
  file = {/home/bunke/Zotero/storage/GQBWPYHZ/Wahlbeteiligung-2013-Studie.pdf;/home/bunke/Zotero/storage/SUYAYTEQ/Schäfer et al. - 2013 - Prekäre Wahlen Milieus und soziale Selektivität d.pdf}
}

@misc{boekhoff2019,
  title = {{,,Eine Gefahr f\"ur eine repr\"asentative Demokratie``}},
  abstract = {Warum haben sich nur wenige Menschen an der B\"urgerschaftswahl 2015 beteiligt? Ein Ausschuss hat sich mit dieser Frage besch\"aftigt. \"Uber die Ergebnisse berichtet Vorsitzender Bj\"orn Tsch\"ope im Interview.},
  language = {de},
  journal = {WESER-KURIER},
  howpublished = {https://www.weser-kurier.de/bremen/buergerschaftswahl-2019\_artikel,-eine-gefahr-fuer-eine-repraesentative-demokratie-\_arid,1802683.html},
  author = {Boekhoff, Lisa},
  month = jan,
  year = {2019},
  file = {/home/bunke/Zotero/storage/3KYGJAGT/buergerschaftswahl-2019_artikel,-eine-gefahr-fuer-eine-repraesentative-demokratie-_arid,1802683.html}
}

@incollection{klafki1962,
  address = {Hannover},
  title = {Didaktische {{Analyse}} Als {{Kern}} Der {{Unterrichtsvorbereitung}}},
  booktitle = {Didaktische {{Analyse}}. {{Auswahl}} - {{Grundlegende Aufs\"atze}} Aus Der {{Zeitschrift Die Deutsche Schule}}},
  publisher = {{Schroedel}},
  author = {Klafki, Wolfgang},
  editor = {Roth, Heinrich and Blumenthal, Alfred},
  year = {1962}
}

@incollection{greving2014,
  address = {Schwalbach/Ts},
  edition = {4., v\"ollig \"uberarb. Aufl},
  series = {{Reihe Politik und Bildung}},
  title = {{Methoden des Beginnens: Unterrichtseinstiege und Anfangssituationen}},
  isbn = {978-3-89974-969-4},
  language = {ger},
  number = {Bd. 69},
  booktitle = {{Handbuch politische Bildung}},
  publisher = {{Wochenschau-Verl}},
  author = {Greving, Johannes and Strelow, Hannes},
  editor = {Sander, Wolfgang and Asbrand, Barbara},
  year = {2014},
  keywords = {(Produktform)Hardback,(VLB-WN)1730: Hardcover; Softcover / Politikwissenschaft,Außerschulische Bildung,Europa,Kompetenzen,Methoden,Politikdidaktik,Politikunterricht,Politikwissenschaft,Politische Bildung,Schule},
  pages = {424-432}
}

@book{meyer1990,
  address = {Frankfurt a.M.},
  edition = {3.},
  title = {Unterrichtsmethoden. {{II}}: {{Praxisband}}},
  isbn = {3-589-20851-1},
  publisher = {{Cornelsen Scriptor}},
  author = {Meyer, Hilbert},
  year = {1990}
}

@article{kaeding2017,
  title = {F\"ur Eine {{Wahlpflicht}}},
  number = {38-39},
  journal = {Aus Politik und Zeitgeschichte},
  author = {Kaeding, Michael},
  year = {2017},
  pages = {25-28}
}

@article{neu2017,
  title = {Gegen Eine {{Wahlpflicht}}},
  number = {38-39},
  journal = {Aus Politik und Zeitgeschichte},
  author = {Neu, Viola},
  year = {2017},
  pages = {29-32}
}

@misc{weber2017,
  title = {Standpunkt: {{F\"ur}} Eine {{Wahlpflicht}}},
  journal = {Wahlkabine},
  howpublished = {https://www.bpb.de/dialog/podcast-zur-bundestagswahl/256660/standpunkt-fuer-eine-wahlpflicht},
  author = {Weber, Christian},
  month = sep,
  year = {2017}
}


